<record><leader>00000cas a22000007a 4500</leader><controlfield tag="001">15128414</controlfield><controlfield tag="008">870129d18851889aluwr ne      0    0eng c</controlfield><datafield ind1=" " ind2=" " tag="010"><subfield code="a">sn 87050028 </subfield></datafield><datafield ind1=" " ind2=" " tag="040"><subfield code="a">AAR</subfield><subfield code="b">eng</subfield><subfield code="c">AAR</subfield><subfield code="d">CPN</subfield><subfield code="d">CRL</subfield><subfield code="d">OCLCQ</subfield><subfield code="d">OCLCF</subfield></datafield><datafield ind1="1" ind2=" " tag="029"><subfield code="a">AU@</subfield><subfield code="b">000025820654</subfield></datafield><datafield ind1=" " ind2=" " tag="042"><subfield code="a">pcc</subfield></datafield><datafield ind1=" " ind2=" " tag="043"><subfield code="a">n-us-al</subfield></datafield><datafield ind1="0" ind2="4" tag="245"><subfield code="a">The Huntsville weekly mercury.</subfield></datafield><datafield ind1="1" ind2="7" tag="246"><subfield code="a">Weekly mercury</subfield></datafield><datafield ind1=" " ind2=" " tag="260"><subfield code="a">Huntsville, Ala. :</subfield><subfield code="b">Daily Mercury Pub. Co.</subfield></datafield><datafield ind1=" " ind2=" " tag="300"><subfield code="a">v.</subfield></datafield><datafield ind1=" " ind2=" " tag="310"><subfield code="a">Weekly</subfield></datafield><datafield ind1="0" ind2=" " tag="362"><subfield code="a">-v. 25, no. 155 (Mar. 6, 1889).</subfield></datafield><datafield ind1="1" ind2=" " tag="362"><subfield code="a">Began with issue for Aug. 26, 1885.</subfield></datafield><datafield ind1=" " ind2=" " tag="515"><subfield code="a">Numbering is irregular.</subfield></datafield><datafield ind1=" " ind2=" " tag="588"><subfield code="a">Description based on: Vol. 21, no. 36 (Sept. 2, 1885).</subfield></datafield><datafield ind1=" " ind2="0" tag="651"><subfield code="a">Huntsville (Ala.)</subfield><subfield code="v">Newspapers.</subfield></datafield><datafield ind1=" " ind2="0" tag="651"><subfield code="a">Madison County (Ala.)</subfield><subfield code="v">Newspapers.</subfield></datafield><datafield ind1=" " ind2="7" tag="655"><subfield code="a">Newspapers.</subfield><subfield code="2">fast</subfield><subfield code="0">(OCoLC)fst01423814</subfield></datafield><datafield ind1=" " ind2="7" tag="651"><subfield code="a">Alabama</subfield><subfield code="z">Huntsville.</subfield><subfield code="2">fast</subfield><subfield code="0">(OCoLC)fst01205426</subfield></datafield><datafield ind1=" " ind2="7" tag="651"><subfield code="a">Alabama</subfield><subfield code="z">Madison County.</subfield><subfield code="2">fast</subfield><subfield code="0">(OCoLC)fst01204324</subfield></datafield><datafield ind1=" " ind2=" " tag="752"><subfield code="a">United States</subfield><subfield code="b">Alabama</subfield><subfield code="c">Madison</subfield><subfield code="d">Huntsville.</subfield></datafield><datafield ind1="0" ind2=" " tag="775"><subfield code="t">Huntsville daily mercury</subfield><subfield code="w">(DLC)sn 87050027</subfield><subfield code="w">(OCoLC)15127995</subfield></datafield><datafield ind1="0" ind2="0" tag="780"><subfield code="t">Mercury (Huntsville, Ala. : 1883)</subfield><subfield code="w">(DLC)sn 88050157</subfield><subfield code="w">(OCoLC)18421047</subfield></datafield><datafield ind1="0" ind2="0" tag="785"><subfield code="t">Weekly mercury (Huntsville, Ala.)</subfield><subfield code="w">(DLC)sn 87050029</subfield><subfield code="w">(OCoLC)15128525</subfield></datafield></record>